
@BOOK{VDI_WA,
  title = {{VDI-W\"armeatlas}},
  publisher = {Springer Verlag},
  year = {2006},
  author = {VDI-Gesellschaft Verfahrenstechnik und Chemieingenieurwesen},
  address = {Berlin, Heidelberg, New York},
  edition = {10.}
}

@BOOK{FerzigerPeric,
  title = {{Numerische Str\"omungsmechanik}},
  publisher = {Springer Verlag},
  year = {2002},
  author = {Ferziger,J.H. and Peric, M.},
  address = {Berlin, Heidelberg, New York},
  edition = {3.}
}

@ARTICLE{Gidaspow,
  title = {{Hydrodynamics of Fluidization and Heat Transfer: Supercomputer Modeling}},
  Author = {Gidaspow,D.},
  journal = {Appl. Mech. Rev.},
  pages = {1-23},
  number = {39},
  year = {1986}
}

@MISC{SyamlalOBrien,
  title = {{The Particle-Particle Drag Term in a Multiparticle Model of Fluidization}},
  Author = {Syamlal, M.},
  Organization = {National Technical Information Service, Springfield, VA.},
  howpublished ={Topical Report, DOE/MC/21353-2373, NTIS/DE87006500, 1987},
}

@ARTICLE{HillKoch,
  title = {{The first effect of fluid inertia on flows in ordered and random array of spheres}},
  Author = {Hill,R.J. and Koch,D.L. and Ladd,J.C.},
  journal = {J. Fluid Mech.},
  pages = {213-241},
  number = {448},
  year = {2001}
}


@BOOK{NTFD_TU_Berlin,
  title = {{Finite Volumen Methode in der Numerischen Thermofluiddynamik}},
  Author = {Baumann,W. and Bunge,U. and Frederich,O. Schatz,M. Thiele,F.},
  publisher = {Technische Universit\"at Berlin},
  year = {2006},
  edition = {5}  
}

@MANUAL{MFIX_Theorie,
  title = {{MFIX Dokumentation Theorie Guide}},
  Author = {Syamlal, M. and Rogers, W. and O'Brian, T. J.},
  Organization = {U.S. Department of Energy, Office of Fossil Energy, Morgantown Energy Technology Center},
  year = {1993}
}

@MANUAL{MFIX_Shrink,
  title = {{METC gasifier advanced simulation (MGAS) model}},
  Author = {Syamlal,M. and Bissett,L.A.},
  Organization = {U.S. Department of Energy - Office of Fossil Energy in Morgantown Energy Technology Center, DOE\/METC-92\/4108 (DE92001111)},
  year = {1992}
}
@MANUAL{MFIX_Doku,
  title = {{MFIX Readme, Multiphase Flow with Interphase eXchanges, Version MFIX-2010-1, Date: 02/02/2010}},
  Author = {Syamlal, M. },
  Organization = {U.S. Department of Energy, Office of Fossil Energy, Morgantown Energy Technology Center},
  year = {2010}
}

@MISC{MFIX_Equations,
  title = {{Summary of MFIX Equations 2005-4 (Version August 2009)}},
  Author = {Benyahia,S. and Syamlal,M. and O’Brien,T.J.},
  Organization = {U.S. Department of Energy, Office of Fossil Energy, Morgantown Energy Technology Center},
  howpublished ={\url{https://mfix.netl.doe.gov/documentation/MFIXEquations2005-4-4.pdf }},
  year = {2009}
}

@BOOK{MFIX_Book,
  title = {{Computational Gas-Solids Flows and Reacting Systems}},
  publisher = {Engineering Science Reference},
  year = {2011},
  author = {Pannala,S and Syamlal,M and O'Brien,T},
  address = {Hershey, New York},
}

@MISC{MFIX_Equations_En,
  title = {{Derivation of Energy Equations in MFIX}},
  Author = {Syamlal,M.},
  Organization = {U.S. Department of Energy, Office of Fossil Energy, Morgantown Energy Technology Center},
  howpublished ={\url{https://mfix.netl.doe.gov/members/develop/MFIXEnergyEquation.pdf }},
  year = {2008}
}

@BOOK{MFIX_Numeric,
  title = {{MFIX Documentation Numerical Technique}},
  publisher = {Madhava Syamlal},
  year = {1998},
  author = {Syamlal,M},
  address = {U.S. Department of Energy - Office of Fossil Energy, Federal Energy Technology Center in Morgantown West Virginia, 26507-0880},
}


@ARTICLE{Ocampo,
  title = {{An experimental study on gasification of Colombian coal in fluidised bed}},
  author = {Ocampo, A. and Arenas, E. and Chejne, F. and Espinel, J. and Londono, C. and Aguirre, J. and Perez, J.D.},
  journal = {Fuel},
  year = {2003},
  pages = {161-164},
  number = {82}
}

@ARTICLE{Yu_Ocampo,
  title = {{Numerical simulation of the bubbling fluidized bed coal gasification by the kinetic theory of granular flow (KTGF)
}},
  author = {Yu,L. and Lu,J. and Zhang,X. and Zhang,S.},
  journal = {Fuel},
  year = {2007},
  pages = {722-734},
  number = {86}
}

@ARTICLE{Chejne_Ocampo,
  title = {{Modelling and simulation of coal gasifcation process in fluidised bed}},
  author = {Chejne, F. and Hernandez, J.P.},
  journal = {Fuel},
  year = {2002},
  pages = {1687-1702},
  number = {81}
}

@ARTICLE{Chejne_Ocampo_Fluidized,
  title = {{Modelling and simulation of a coal gasification process in pressurized fluidized bed}},
  author = {Chejne,F. and Lopera,E. and Londono,C.A.},
  journal = {Fuel},
  year = {2011},
  pages = {399-411},
  number = {90}
}

@ARTICLE{Chejne_Ocampo_Co_Gasification,
  title = {{Co-gasification of Colombian coal and biomass in fluidized bed: An experimental study}},
  author = {Vélez,J.F. and Chejne,F. and Valdes,C.F. and Emery,E.J. and Londono,C.A.},
  journal = {Fuel},
  year = {2009},
  pages = {424-430},
  number = {88}
}

@ARTICLE{Armstrong_Ocampo,
  title = {{Effects of limestone calcination on the gasification processes in a BFB coal gasifier}},
  author = {Armstrong, L.M. and Gu, S. and Luo, K.H.},
  journal = {Chemical Engineering Journal},
  year = {2001},
  pages = {848-860},
  number = {168}
}




@ARTICLE{Graebner,
  title = {{Numerical simulation of coal gasification at circulating fluidised bed conditions}},
  author = {Gr\"abner, M. and Ogriseck, S. and Meyer, B.},
  journal = {Fuel Processing Technology},
  year = {2007},
  pages = {948-958},
  number = {88}
}

@ARTICLE{Vascellari_updraft,
  title = {{Comprehensive CFD model of an air-blown coal-fired updraft gasifier}},
  author = {Murgia, S. and Vascellari, M. and Cau, G.},
  journal = {Fuel},
  year = {2011}
}

@ARTICLE{Watanabe,
  title = {{Numerical simulation of coal gasification in entrained flow coal gasifier}},
  author = {Watanabe, H.and Otaka, M.},
  journal = {Fuel},
  year = {2006},
  pages = {1935-1943},
  number = {85}
}

@ARTICLE{Pis,
  title = {{A comparison of different methods for predicting coal devolatilisation kinetics}},
  author = {Arenillas, A. and Rubiera, F. and Pevida, C. and Pis, J.J.},
  journal = {Journal of Analytical and Applied Pyrolysis},
  year = {2001},
  pages = {685-701},
  number = {58-59}
}

@ARTICLE{Jovanovic,
  title = {{Sensitivity analysis of different devolatilisation models on predicting ignition point position during pulverized coal combustion in O2\/N2 and O2\/CO2 atmospheres}},
  author = {Jovanovic, R. and Milewska, A. and Swiatkowski, B. and Goanta, A. and Spliethoff, H.},
  journal = {Fuel},
  year = {2011}
}

@ARTICLE{Guo_Cold_2D_Experiment,
  title = {{Hydrodynamic characteristics of a two-dimensional jetting fluidized bed with binary mixtures}},
  author = {Guo,Q. and Yuea,G. and Zhangb,J. and Liub,Z.},
  journal = {Chemical Engineering Science},
  year = {2001},
  pages = {4685-4694},
  number = {56}
}

@ARTICLE{Agarwal_PIV,
  title = {{Influence of multiple gas inlet jets on fluidized bed hydrodynamics using Particle Image Velocimetry and Digital Image Analysis}},
  author = {Agarwal,G. and Lattimer,B. and Ekkad,S. and Vandsburger,U.},
  journal = {Powder Technology},
  year = {2011},
  pages = {122-134},
  number = {214}
}

@ARTICLE{Kimura_Experimental_Gridzone_Cold,
  title = {{Experimental study of gas and particle behavior in the grid zone of a jetting fluidized bed cold model}},
  author = {Kimura,T. and Horiuchi,K. and Watanabe,T. and Matsukata,M. and Kojima,T.},
  journal = {Powder Technology},
  year = {1995},
  pages = {135-143},
  number = {82}
}

@ARTICLE{Chen_Solids_Secondary_Air,
  title = {{The effect of solid concentration on the secondary air-jetting penetration in a bubbling fluidized bed}},
  author = {Chen,J. and Lu,X. and Liu,H. and Liu,J.},
  journal = {Powder Technology},
  year = {2008},
  pages = {164-169},
  number = {185}
}

@ARTICLE{Pei_Two_Jets,
  title = {{CFD simulation of a gas–solid fluidized bed with two vertical jets}},
  author = {Pei,P. and Zhang,K. and Ren,J. and Wen,D. and Wu,G.},
  journal = {Particuology},
  year = {2010},
  pages = {425-432},
  number = {8}
}

@ARTICLE{Zhang_Single_and_Double_Jets,
  title = {{CFD simulation of flow pattern and jet penetration depth in gas-fluidized beds with single and double jets}},
  author = {Zhang,K. and Pei,P. and Brandani,S. and Chen,H. and Yang.Y.},
  journal = {Chemical Engineering Science},
  year = {2012},
  pages = {108-119},
  number = {68}
}

@ARTICLE{Zhang_Hydrodynamic_Binary_Mixtures,
  title = {{Hydrodynamic characteristics of a two-dimensional jetting fluidized bed with binary mixtures}},
  author = {Zhang,K. and Zhang,J. and Zhang,B.},
  journal = {Powder Technology},
  year = {2003},
  pages = {30-38},
  number = {132}
}

@ARTICLE{Yang_Underground_Gasification,
  title = {{Study on the model experiment and numerical simulation for underground coal gasification}},
  author = {Yang, L.},
  journal = {Fuel},
  year = {2004},
  pages = {573-584},
  number = {83}
}

@ARTICLE{Jiminez_Gasification_in_CO2_Atmosphere,
  title = {{Gasification of a pulverized sub-bituminous coal in CO2 at atmospheric pressure in an entrained flow reactor}},
  author = {Gonzalo Tirado,C. and Jimenez,S. and Ballester,J.},
  journal = {Combustion and Flame},
  year = {2011}
}

@ARTICLE{Slezak_Particle_Density_Size_Effect,
  title = {{CFD simulation of entrained-flow coal gasification: Coal particle density\/size fraction effects}},
  author = {Slezak,A. and Kuhlman,J.M. and Shadle,L.J. and Spenik,J. and Shi,S.S.},
  journal = {Powder Technology},
  year = {2010},
  pages = {98-108},
  number = {203}
}

@ARTICLE{Zhang_Gasification_Catalytic_Coal_and_Char,
  title = {{Modeling of catalytic gasification kinetics of coal char and carbon}},
  author = {Zhang,Y. Hara,S. and Kajitani,S. and Ashizawa,M.},
  journal = {Fuel},
  year = {2010},
  pages = {152-157},
  number = {89}
}

@ARTICLE{Yang_Underground_Gasification,
  title = {{Study on the model experiment and numerical simulation for underground coal gasification}},
  author = {Yang, L.},
  journal = {Fuel},
  year = {2004},
  pages = {573-584},
  number = {83}
}

@ARTICLE{Vascellari_Turbulence,
  title = {{Influence of turbulence–chemical interaction on CFD pulverized coal MILD combustion modeling}},
  author = {Vascellari,M. and Cau,G.},
  journal = {Fuel},
  year = {2011}
}

@ARTICLE{deJong_TG_FTIR,
  title = {{TG-FTIR pyrolysis of coal and secondary biomass fuels: Determination of pyrolysis kinetic parameters for main species and NOx precursors}},
  author = {de Jong,W. and Di Nola,G. and Venneker,B.C.H. and Spliethoff, H. and Wojtowicz,M.A.},
  journal = {Fuel},
  year = {2007},
  pages = {2367-2376},
  number = {86}
}

@ARTICLE{Bradley_Laminar_Flame,
  title = {{Modeling of laminar pulverized coal flames with speciated devolatilization and comparisons with experiments}},
  author = {Bradley,D. and Lawes,M. and Park,H. and Usta,N.},
  journal = {Combustion and Flame},
  year = {2006},
  pages = {190-204},
  number = {144}
}

@ARTICLE{Sommariva_Predictive_Multi_Step,
  title = {{A predictive multi-step kinetic model of coal devolatilization}},
  author = {Sommariva,S. and Maffei,T. and Migliavacca,G. and Faravelli,T. and Ranzi,E.},
  journal = {Fuel},
  year = {2010},
  pages = {318-328},
  number = {89}
}

@ARTICLE{Hayashi_Inhibition,
  title = {{Inhibition of steam gasification of char by volatiles in a fluidized bed under continuous feeding of a brown coal}},
  author = {Bayarsaikhan,B. and Sonoyama,N. and Hosokai,S. and Shimada,T. and Hayashi,J. and Li,C. and Chiba,T.},
  journal = {Fuel},
  year = {2006},
  pages = {340-349},
  number = {85}
}

@ARTICLE{Boateng_Bench_Scale,
  title = {{ CFD modeling of space-time evolution of fast pyrolysis products in a Bench-Scale Fluidized-bed reactor}},
  author = {Boateng,A.A. and Mtui,P.L.},
  journal = {Applied Thermal Engineering},
  year = {2011}
}

@ARTICLE{Watanabe_Entrained_Flow,
  title = {{Numerical simulation of coal gasification in entrained flow coal gasifier}},
  author = {Watanabe,H. and Otaka,M.},
  journal = {Fuel},
  year = {2006},
  pages = {1935-1943},
  number = {85}
}


@MANUAL{PCCL,
  title = {{PC Coal Lab Version 4.1 User Guide and Tutorial}},
  Author = {Niksa Energy Associates LLC},
  Organization = {1745 Terrace Drive, Belmont, CA 94002 USA},
  year = {2008}
}

@MISC{CPD_Summary,
  title = {{A chemical percolation model for devolatilisation: summary}},
  Author = {Fletcher, T.H. and Kerstein, A.R.},
  howpublished ={\url{www.et.byu.edu/~tom/cpd/CPD_Summary.pdf}},
  note = {accessed 05.10.2011}
}

@ARTICLE{Backreedy,
  title = {{An extended coal combustion model}},
  author = {Backreedy, R.I. and Habib, R. and Jones, J.M. and Pourkashanian, M. and Williams, A.},
  journal = {Fuel},
  year = {1999},
  pages = {1745-1754},
  number = {78}
}

@ARTICLE{Zhao_General_Model,
  title = {{A general model for devolatilisation of large coal particles}},
  author = {Zhao, Y. and Serio, M.A. and Solomon, P.R.},
  journal = {Symposium (International) on Combustion/The Combustion Institute},
  year = {1996},
  pages = {3145-3151},
  number = {26}
}

@ARTICLE{Rong_pore_structure,
  title = {{Modeling changes of fractal pore structures in coal pyrolysis}},
  author = {Chen, Y. and Wang, X. and He, R.},
  journal = {Fuel},
  year = {2011},
  pages = {499-504},
  number = {90}
}

@BOOK{Gavalas,
  title = {{Coal Pyrolysis}},
  publisher = {Elsevier Scientific Publishing Company},
  year = {1982},
  author = {Gavalas, G.R.},
  address = {New York}
}

@ARTICLE{Wall_Char_Overview,
  title = {{Formation of the structure of chars during devolatilization of pulverized coal and its thermoproperties: A review}},
  author = {Yua,J. and Lucas,J.A. and Wall,T.F.},
  journal = {Progress in Energy and Combustion Science},
  year = {2007},
  pages = {135-170},
  number = {33}
}

@ARTICLE{Tremel,
  title = {{Experimental investigation of high temperature and high pressure coal gasification}},
  author = {Tremel,A. and Haselsteiner,T. and Kunze,C. and Spliethoff,H.},
  journal = {Applied Energy},
  year = {2011},
  pages = {279-285},
  number = {92}
}

@ARTICLE{Niksa_1,
  title = {{Coal conversion submodels for design applications at elevated pressures. Part I. devolatilization and char oxidation}},
  author = {Liu,G. and Niksa,S. and Hurt, R.H.},
  journal = {Progress in Energy and Combustion Science},
  year = {2003},
  pages = {425-477},
  number = {29}
}

@ARTICLE{Niksa_2,
  title = {{Coal conversion submodels for design applications at elevated pressures. Part II. Char gasification}},
  author = {Liu,G. and Niksa,S.},
  journal = {Progress in Energy and Combustion Science},
  year = {2004},
  pages = {679-717},
  number = {30}
}

@ARTICLE{Solomon_General,
  title = {{A Genaral Model of Coal Devolatilization}},
  author = {Solomon,P.R and Hamblen,D.G. and Carangelo,R.M. and Serio,M.A. and Deshpande,G.V.},
  journal = {Energy \& Fuels},
  year = {1988},
  pages = {405-422},
}

@ARTICLE{Rong_Fragmentation,
  title = {{Fragmentation and diffusion model for coal pyrolysis}},
  author = {Chen,Y and He,R.},
  journal = {Journal of Analytical and Applied Pyrolysis},
  year = {2011},
  pages = {72-79},
  number = {90}
}

@ARTICLE{Solomon_Wall,
  title = {{Coal pyrolysis: experiments, kinetic rates and mechanisms}},
  author = { Solomon,P.R. and Serio,M.A. and Suuberg,E.M.},
  journal = {Progress in Energy and Combustion Science},
  year = {1992},
  pages = {133-220},
  number = {18}
}

@MANUAL{FGDVC_822,
  title = {{THE FG-DVC COAL PYROLYSIS MODEL, USER'S GUIDE, Version 8.2.2}},
  Organization = {Advanced Fuel Research in 87 Church Street, East Hartford, CT 06108 USA},
  year = {2010}
}

@MANUAL{FGDVC_Info,
  title = {{Advanced Pyrolysis Models FG-DVC and FG-BioMass}},
  Organization = {Advanced Fuel Research in 87 Church Street, East Hartford, CT 06108 USA},
  year = {2010}
}

@ARTICLE{Clemens_Calcium_Gasification,
  title = {{The effect of calcium on the rate and products of steam gasification of char from low rank coal}},
  author = {Clemens,A.H. and Damiano,L.F. and Matheson,T.W.},
  journal = {Fuel},
  year = {1998},
  pages = {1017-1020},
  number = {77}
}

@ARTICLE{Li_Iron_Gasification,
  title = {{Effect of iron on the gasification of Victorian brown coal with steam:enhancement of hydrogen production}},
  author = {Yu,J. and Tian,F and Chow,M.C. and McKenzie,L.J. and Li,C.},
  journal = {Fuel},
  year = {2006},
  pages = {127-133},
  number = {85}
}

@ARTICLE{Li_Natrium_Gasification,
  title = {{Volatilisation and catalytic effects of alkali and alkaline earth metallic species during the pyrolysis and gasification of Victorian brown coal. Part VIII. Catalysis and changes in char structure during gasification in steam}},
  author = {Li,X. and and Li,C.},
  journal = {Fuel},
  year = {2006},
  pages = {1518-1525},
  number = {85}
}

@MANUAL{Solomon_Advances,
  title = {{Advances in the FG-DVC Model of Coal Devolatilization}},
  Author = {Solomon,P.R. and Serio,M.A. and Hamblen,D.G and Yu,Z.Z. and Charpenay,S.},
  Organization = {Advanced Fuel Research in 87 Church Street, East Hartford, CT 06108 USA},
}

@ARTICLE{Hu_Tar_Pyrol_Different_Atm,
  title = {{Analysis of coal tar derived from pyrolysis at different atmospheres}},
  author = {Wang,P. and Jin,L. and Liu,J. and Zhu,S. and Hu,H.},
  journal = {Fuel},
  year = {2010}
}

@ARTICLE{Seo_non_and_Isoth,
  title = {{Pyrolysis characteristics of coal and RDF blends in non-isothermal and isothermal conditions}},
  author = {Seo,M.W. and Kim,S.D. and Lee,S.H. and Lee,J.G.},
  journal = {Journal of Analytical and Applied Pyrolysis},
  year = {2010},
  pages = { 160-167},
  number = {88}
}

@ARTICLE{Pis_Char,
  title = {{Microporous structure of chars produced by pyrolysis of preoxidized coals}},
  author = {Pis,J.J. and Pajares,J.A. and Centeno,T.A. and Fuertes,A.B.},
  journal = {Journal of Analytical and Applied Pyrolysis},
  year = {1995},
  pages = {13-28},
  number = {34}
}

@ARTICLE{Safarova_Brown_Coal,
  title = {{Pyrolysis of brown coal under different process conditions}},
  author = {Safarova,M. and Kusy,J. and Andel,L.},
  journal = {Fuel},
  year = {2005},
  pages = {2280-2285},
  number = {84}
}

@ARTICLE{Serio_Kin_Methane_Tar,
  title = {{Kinetics of methane and tar evolution during coal pyrolysis}},
  author = {Holstein,A. and Bassilakis,R. and Wojtowicz,M.A. and Serio,M.A.},
  journal = {Proceedings of the Combustion Institute},
  year = {2005},
  pages = { 2177-2185},
  number = {30}
}

@ARTICLE{Fletcher_Structure_Tar,
  title = {{Chemical Structure of Coal tar during Devolatilization}},
  author = {Watt,M. and Fletcher,T.H. and Bai,S. and Solum,M.S. and Pugmire,J.R.},
  journal = {Twenty-Sixth Symposium (International) on Combustion/The Combustion Institute},
  year = {1996},
  pages = {3153-3160}
}

@ARTICLE{Yurum_Mineral_Effect,
  title = {{Pyrolysis of Turkish Zonguldak bituminous coal. Part 1. Effect of mineral matter}},
  author = {\"Oztas,N.A. and Y\"ur\"um,Y.},
  journal = {Fuel},
  year = {2000},
  pages = {1221-1227},
  number = {79}
}

@mastersthesis{Genetti_Thesis,
    title     = {{An Advanced Model of Coal Devolatilization Based on Chemical Structure}},
    author    = {Genetti,D.B.},
    school    = {Department of Chemical Engineering, Brigham Young University},
    type      = {Master Thesis},
    year      = {1999},
    month    = {4}
}

@mastersthesis{Kirans_Thesis,
    title     = {{Development of Advanced Coal Devolatilization and Secondary Pyrolysis Kinetics Models for CFD (and process simulation) Codes}},
    author    = {Chaudhari,Kiran P.},
    school    = {College of Engineering and Mineral Resources at West Virginia University},
    type      = {Master Thesis},
    year      = {2011},
    month    = {8}
}



@ARTICLE{Ferraris_1,
  title = {{Kinetic models analysis}},
  author = {Buzzi-Ferraris,G. and Manenti,F.},
  journal = {Chemical Engineering Science},
  year = {2009},
  pages = {1061-1074},
  number = {64}
}
@ARTICLE{Ferraris_2,
  title = {{Better reformulation of kinetic models}},
  author = {Buzzi-Ferraris,G. and Manenti,F.},
  journal = {Computers and Chemical Engineering},
  year = {2010},
  pages = {1904-1906},
  number = {34}
}

@MISC{CI_DevolKin,
  title = {{Kinetic Model of the Devolatilization Process in an Oxy-combustion Burner}},
  Author = {de Caprariis,B. and Calchetti,G. and Di Nardo,A. and Levi Della Vida, G. and Mongiello,C. and Verdone,N.},
  howpublished ={\url{http://www.combustion-institute.it/proceedings/proc2010/papers/VII5.pdf}},
  note = {Italian Section of the Combustion Institute; accessed 09.02.2011},
  month = {6},
  year = {2010}
}

@MISC{CI_One_Step_Model,
  title = {{one Step Kinetic Model of Coal Pyrolysis for CFD Application}},
  Author = {Maffei,T. and Ranzi,E. and Frassoldati,A. and Faravelli,T.},
  howpublished ={\url{http://www.combustion-institute.it/proceedings/XXXIV-ASICI/papers/34proci2011.III18.pdf}},
  note = {Italian Section of the Combustion Institute; accessed 09.02.2011},
  month = {10},
  year = {2011}
}

@MISC{CI_ReactionPathways,
  title = {{Reaction Pathways and Kinetics of Coal Combustion}},
  Author = {Senneca,O. and Salatino,P. and Masi,S.},
  howpublished ={\url{http://143.225.115.225/proc/proc2003/108.PDF}},
  note = {Italian Section of the Combustion Institute; accessed 09.02.2011},
  year = {2003}
}

@MISC{CI_Detailed_Chem,
  title = {{Detailed Chemistry of Pyrolysis and Combustion Processes}},
  Author = {Ranzi,E.},
  howpublished ={\url{http://143.225.115.225/proc/proc2004/InvitedLectures/I1-Ranzi.pdf}},
  note = {Italian Section of the Combustion Institute; accessed 09.02.2011},
  year = {2004}
}

@MISC{CI_Validation,
  title = {{Validation and Comparison of Coal Pyrolysis Models}},
  Author = {Sommariva,S. and Faravelli,T. and Ranzi,E. and Hugony,F. and Migliavacca,G.},
  howpublished ={\url{http://143.225.115.225/proc/proc2008/data/papers/II/II-3.pdf}},
  note = {Italian Section of the Combustion Institute; accessed 09.02.2011},
  year = {2008}
}

@MISC{CI_FGDVC,
  title = {{Kinetic Model of the Devolatilization Process in an Oxy-combustion Burner}},
  Author = {de Caprariis,B. and Calchetti,G. and Di Nardo,A. and Levi Della Vida,G. and Mongiello,C. and Verdone,N.},
  howpublished ={\url{http://www.combustion-institute.it/proceedings/proc2010/papers/VII5.pdf}},
  note = {Italian Section of the Combustion Institute; accessed 09.02.2011},
  month = {6},
  year = {2010}
}

@MISC{CI_Tar_Weight,
  title = {{Modelling of molecular weight distribution of tars from coal pyrolysis}},
  Author = {Migliavacca,G. and Parodi,E. and Bonfanti,L. and Faravelli,T. and Ranzi,E.},
  howpublished ={\url{http://143.225.115.225/proc/proc2002.pdf}},
  note = {Italian Section of the Combustion Institute; accessed 09.02.2011, pages IV.1-IV.4},
  year = {2002}
}




@ARTICLE{Bi_1,
  title = {{Prediction of temperature and composition in a jetting fluidized bed coal gasifier}},
  author = {Bi, J. and Kojima, T.},
  journal = {Chemical Engineering Science},
  year = {1996},
  pages = {2745-2750},
  number = {51}
}

@ARTICLE{Bi_2,
  title = {{A numerical simulation of a jetting fluidized bed coal gasifier}},
  author = {Bi, J. and Luo, C. and Aoki, K. and Uemiya, S. and
Kojima, T.},
  journal = {Fuel},
  year = {1997},
  pages = {285-301},
  number = {76}
}

@ARTICLE{Kojima_Num,
  title = {{Numerical modeling of a jetting fluidized bed gasifier and the comparison with the experimental data}},
  author = {Luo, C.-H. and Aoki, K. and Uemiya, S. and Kojima, T.},
  journal = {Fuel Processing Technology},
  year = {1998},
  pages = {193-218},
  number = {55}
}

@ARTICLE{Kojima_Exp,
  title = {{Experimental and numerical study on gas flow in the grid zone of jetting-fluidized beds}},
  author = {J. Bi and Kojima, T.},
  journal = {Chemical Engineering Comm.},
  year = {1996},
  pages = {55-73},
  number = {47}
}

@ARTICLE{Xiao_Num,
  title = {{Simulation of Coal Gasification in a Pressurized Spout-Fluid Bed Gasifier}},
  author = {Li,Q. and Zhang, M. and Zhong, W. and Wang, X. and Xiao, R. and Jin,
B. and H. Zhou},
  journal = {The Canadian Journal of Chemical Engineering},
  year = {2009},
  pages = {169-176},
  mounth = {April}
}


@ARTICLE{Xiao_Exp,
  title = {{High-Temperature Air/Steam-Blown Gasification of Coal in a Pressurized Spout-Fluid Bed}},
  author = {Xiao,R and Zhang,M and Jin,B and Huang,Y},
  journal = {Energy \& Fuels},
  year = {2006},
  pages = {715-720},
  number = {20}
}

@ARTICLE{Cheng,
  title = {{Simulation of Coal Gasification in a Pressurized Spout-Fluid Bed Gasifier}},
  author = {Li,Q. and Zhang,M. and Zhong,W. and Wang,X. and Xiao,R. and Jin,B.},
  journal = {The Canadian Journal of Chemical Engineering},
  year = {},
  pages = {127-132},
  number = {183}
}

@ARTICLE{Ghani_fb_comb_and_gasif,
  title = {{An improved model for fixed-bed coal combustion and gasification: sensitivity analysis and applications}},
  author = {Ghani,M.U. and Radulovic,P.T. and Smoot,L.D.},
  journal = {Fuel},
  year = {1996},
  pages = {1213-1226},
  number = {75}
}

@ARTICLE{Mangena_Lignite,
  title = {{Identification of reaction zones in a commercial Sasol-Lurgi fixed bed dry bottom gasifier operating on North Dakota lignite}},
  author = {Mangena,S.J. and Bunt,J.R. and Waanders,F.B. and Baker,G.},
  journal = {Fuel},
  year = {2011},
  pages = {167-173},
  number = {90}
}

@ARTICLE{DSeo_solid_circulation,
  title = {{Solid circulation and loop-seal characteristics of a dual circulating fluidized bed: Experiments and CFD simulation}},
  author = {Seo,M.W. and Nguyen,T.D.B. and Lim,Y.I. and Kim,S.D. and Park,S. and Song,B.H. and Kim,Y.J.},
  journal = {Chemical Engineering Journal},
  year = {2011},
  pages = {803-811},
  number = {168}
}

@ARTICLE{Gidaspow_particles,
  title = {{Two- and three-dimensional CFD modeling of Geldart A particles in a thin bubbling fluidized bed: Comparison of turbulence and dispersion coefficients}},
  author = {Chalermsinsuwan,B. and Gidaspow,D. and Piumsomboona,P.},
  journal = {Chemical Engineering Journal},
  year = {2011},
  pages = {301-313},
  number = {171}
}


@ARTICLE{Goyal_co_gas,
  title = {{Modeling and simulation of co-gasification of coal and petcoke in a bubbling fluidized bed coal gasifier}},
  author = {Goyal,A. and Pushpavanam,S.nd Voolapalli,R.K.},
  journal = {Fuel Processing Technology},
  year = {2010},
  pages = {1296-1307},
  number = {91}
}

@ARTICLE{Saastamoinen_simple_devol_model,
  title = {{Simplified model for calculation of devolatilization in fluidized beds}},
  author = {Saastamoinen,J.J.},
  journal = {Fuel},
  year = {2006},
  pages = {2388-2395},
  number = {85}
}

@ARTICLE{Yu_ktgf,
  title = {{Numerical simulation of the bubbling fluidized bed coal gasification by the kinetic theory of granular flow (KTGF)}},
  author = {Yu,L. and Lu,J. and Zhang,X. and Zhang,S.},
  journal = {Fuel},
  year = {2007},
  pages = {722-734},
  number = {86}
}

@ARTICLE{Zhang_fluidization_quality,
  title = {{CFD simulation of fluidization quality in the three-dimensional fluidized bed}},
  author = {Zhang,K. and Brandani,S. and Bi,J. and Jiang,J.},
  journal = {Natural Science},
  year = {2008},
  pages = {729-733},
  number = {18}
}

@ARTICLE{Zhou_oxy_cola,
  title = {{CFD modeling of oxy-coal combustion in circulating fluidized bed}},
  author = {Zhou,W. and Zhao,C. and Duan,L. and Liu,D. and Chen,X.},
  journal = {International Journal of Greenhouse Gas Control},
  year = {2011},
  pages = {1489-1497},
  number = {5}
}

@ARTICLE{Mladenovic,
  title = {{Experimental investigation of role of steam in entrained flow coal gasification}},
  author = {Crnomarkovic,N. and Repic,B. and Mladenovic,R. and Neskovic,O. and Veljkovic,M.},
  journal = {Fuel},
  year = {2007},
  pages = {194-202},
  number = {86}
}

@ARTICLE{Zhang_experimentally,
  title = {{Experimental and numerical study of fluid dynamic parameters in a jetting fluidized bed of a binary mixture}},
  author = {Zhang,K. and Zhang,J. and Zhang,B.},
  journal = {Powder Technology},
  year = {2003},
  pages = {30-38},
  number = {132}
}

@ARTICLE{Hashimoto,
  title = {{A numerical simulation of pulverized coal combustion employing a tabulated-devolatilization-process model (TDP model)}},
  author = {Hashimoto,N. and Kurose,R. and Seung-Min,H. and Tsuji,H. and Shirai,H.},
  journal = {Combustion and Flame},
  year = {2011},
}

@ARTICLE{Aboyade_Parameter,
  title = {{Experimental and numerical study of fluid dynamic parameters in a jetting fluidized bed of a binary mixture}},
  author = {Aboyade,A.O. and Carrier,M. and Meyer,E.L. and Knoetze,H. and G\"orgens,J.F.},
  journal = {Thermochimica Acta},
  year = {2012},
  pages = {95-106},
  number = {530}
}

@ARTICLE{NDLignite1,
  title = {{Identification of reaction zones in a commercial Sasol-Lurgi fixed bed dry bottom gasifier operating on North Dakota lignite}},
  author = {Mangena,S.J. and Bunt,J.R. and Waanders,F.B. and Baker,G.},
  journal = {Fuel},
  year = {2011},
  pages = {167-173},
  number = {90}
}

@ARTICLE{NDLignite2,
  title = {{Devolatilization of large coal particles at high pressure}},
  author = {Eatough,C.N. and Smoot,L.D.},
  journal = {Fuel},
  year = {1996},
  pages = {1601-1605},
  number = {75}
}

@MANUAL{Coals,
  title = {{Users manual for computer simulation and design of the moving bed coal gasifiers; Final report Task Order No. 41}},
  Author = {Wen,C.Y. and Chen,H. and Onozaki,M.},
  Organization = {Department of Chemical Engineering West Virginia University, Morgantown, 26505},
  year = {1982}
}

@MANUAL{Coals_Solomon,
  title = {{The Evolution of Pollutants During the Rapid Devolatilization of Coal}},
  Author = {Solomon,P.R.},
  Organization = {Rep. R76-952588-2, United Technologies Research Center, East Hartford},
  year = {1977}
}

@ARTICLE{H2Comb,
  title = {{Premixed burning in diffusion flames - The flamezone model of Libby and Economos}},
  author = {Peters,N.},
  journal = {Int. J. Heat Mass Transfer},
  year = {1979},
  pages = {691-703},
  number = {22}
}

@ARTICLE{HCComb,
  title = {{Simplified mechanisms for the oxidation of hydrocarbon fuels in flames}},
  author = {Westbrook,C.K. and Dryer,F.L.},
  journal = {Combustion Science and Technology},
  year = {1981},
  pages = {31-43},
  number = {27}
}   

@BOOK{Souza_DryDevol,
  title = {{Solid Fuels - Combustion and Gasification}},
  publisher = {CRC-Press, Taylor and Francis Group},
  year = {2010},
  author = {de Souza-Santos,M.L.},
  edition = {2.}
}

@ARTICLE{Cai_DAEM1,
  title = {{New distributed activation energy model: Numerical solution and application to pyrolysis kinetics of some types of biomass}},
  author = {Cai,J. and Liu,R.},
  journal = {Bioresource Technology},
  year = {2008},
  pages = {2795-2799},
  number = {99}
}

@ARTICLE{Cai_DAEM2,
  title = {{Logistic distributed activation energy model – Part 1: Derivation and numerical parametric study}},
  author = {Cai,J. and Jin,C. and Yang,S. and Chen,Y.},
  journal = {Bioresource Technology},
  year = {2011},
  pages = {1556-1561},
  number = {102}
}

@ARTICLE{Cai_DAEM3,
  title = {{Logistic distributed activation energy model – Part 2: Application to cellulose pyrolysis}},
  author = {Cai,J. and Yang,S. and Tao,L.},
  journal = {Bioresource Technology},
  year = {2011},
  pages = {3642-3644},
  number = {102}
}

@ARTICLE{Slovak_DAEM,
  title = {{Calculation of Kinetic Parameters of the Thermal Decomposition of Wood by Distributed Activation Energy Model (DAEM)}},
  author = {Ga\v{s}parovi\`{c},L. and Labovsk\`{y},J. and Marko\v{s},J. and Jelemensk\`{y},L.},
  journal = {Chem. Biochem. Eng},
  year = {2012},
  pages = {45-53},
  number = {26}
}

@ARTICLE{McGuiness_DAEM,
  title = {{Asymptotic Approximations to the Distributed Activation Energy Model}},
  author = {McGuinness,M. and Donskoi,E. and McElwain,D.},
  journal = {Applied Mathematics Letters},
  year = {1999},
  pages = {27-34},
  number = {12}
}

